@BOOK {DMP2011,
    author    = "Ian H. Witten,  Eibe Frank,  Mark A. Hall",
    title     = "Data Mining: Practical Machine Learning Tools and Techniques",
    publisher = "Morgan Kaufmann; 3 edition (January 20, 2011)",
    year      = "2013"
}
@ONLINE {JiaweiIntro,
    author = "Jiawei Han",
    title  = "Introduction to Data Mining",
    url    = "http://hanj.cs.illinois.edu/pdf/ency99.pdf"
}
@BOOK {Disco,
    author    = "Daniel T. Larose",
    title     = "DISCOVERING KNOWLEDGE IN DATA An Introduction to Data Mining",
    publisher = "John Wiley \& Sons",
    year      = "2014"
}
@article{carvalho2009scoring,
  title={Scoring functions for learning Bayesian networks},
  author={Carvalho, Alexandra M},
  journal={Inesc-id Tec. Rep},
  year={2009}
}
@article{ruiz2005illustration,
  title={Illustration of the K2 algorithm for learning Bayes net structures},
  author={Ruiz, Carolina},
  journal={Department of Computer Science, WPI},
  year={2005}
}
@article{cooper1992bayesian,
  title={A Bayesian method for the induction of probabilistic networks from data},
  author={Cooper, Gregory F and Herskovits, Edward},
  journal={Machine learning},
  volume={9},
  number={4},
  pages={309--347},
  year={1992},
  publisher={Springer}
}